@misc{lorawan-spec,
    title={LoRaWAN 1.1 Specification},
    year={2017},
    note={Accessed May 22, 2018},
    url={https://lora-alliance.org/sites/default/files/2018-04/lorawantm_specification_-v1.1.pdf}
}


@misc{ttn,
    title={The Things Network},
    note={Accessed May 28, 2018},
    url={https://www.thethingsnetwork.org/}
}


@misc{ttn_tech_stack,
    title={The Things Network Technology Stack},
    note={Accessed May 24, 2018},
    url={https://www.thethingsnetwork.org/tech-stack}
}


@misc{lora-gateway-anonymize,
    title={LoRa Gateway Bridge Anonymiser},
    note={Accessed April 30, 2018},
    url={https://github.com/wnagele/lora-gateway-bridge-anonymise}
}


@inproceedings{DBLP:conf/tiwdc/CroceGTGM17,
  author    = {Daniele Croce and
               Michele Gucciardo and
               Ilenia Tinnirello and
               Domenico Garlisi and
               Stefano Mangione},
  title     = {Impact of Spreading Factor Imperfect Orthogonality in LoRa Communications},
  booktitle = {Digital Communication. Towards a Smart and Secure Future Internet
               - 28th International Tyrrhenian Workshop, {TIWDC} 2017, Palermo, Italy,
               September 18-20, 2017, Proceedings},
  pages     = {165--179},
  year      = {2017},
  crossref  = {DBLP:conf/tiwdc/2017},
  url       = {https://doi.org/10.1007/978-3-319-67639-5_13},
  doi       = {10.1007/978-3-319-67639-5_13},
  timestamp = {Mon, 11 Dec 2017 09:57:02 +0100},
  biburl    = {https://dblp.org/rec/bib/conf/tiwdc/CroceGTGM17},
  bibsource = {dblp computer science bibliography, https://dblp.org}
}


@article{DBLP:journals/sensors/AugustinYCT16,
  author    = {Alo{\"{y}}s Augustin and
               Jiazi Yi and
               Thomas H. Clausen and
               William Mark Townsley},
  title     = {A Study of LoRa: Long Range {\&} Low Power Networks for the Internet
               of Things},
  journal   = {Sensors},
  volume    = {16},
  number    = {9},
  pages     = {1466},
  year      = {2016},
  url       = {https://doi.org/10.3390/s16091466},
  doi       = {10.3390/s16091466},
  timestamp = {Sat, 27 May 2017 14:24:14 +0200},
  biburl    = {https://dblp.org/rec/bib/journals/sensors/AugustinYCT16},
  bibsource = {dblp computer science bibliography, https://dblp.org}
}


@proceedings{DBLP:conf/tiwdc/2017,
  editor    = {Alessandro Piva and
               Ilenia Tinnirello and
               Simone Morosi},
  title     = {Digital Communication. Towards a Smart and Secure Future Internet
               - 28th International Tyrrhenian Workshop, {TIWDC} 2017, Palermo, Italy,
               September 18-20, 2017, Proceedings},
  series    = {Communications in Computer and Information Science},
  volume    = {766},
  publisher = {Springer},
  year      = {2017},
  url       = {https://doi.org/10.1007/978-3-319-67639-5},
  doi       = {10.1007/978-3-319-67639-5},
  isbn      = {978-3-319-67638-8},
  timestamp = {Mon, 11 Dec 2017 09:52:07 +0100},
  biburl    = {https://dblp.org/rec/bib/conf/tiwdc/2017},
  bibsource = {dblp computer science bibliography, https://dblp.org}
}
